@book{grundkursCodierungSpringer,
   author={Dankmeier, Wilfried},
   title={Grundkurs Codierung},
   address={Wiesbaden},
   publisher={Springer Fachmedien Wiesbaden},
   year={2017},
   edition={4. Aufl. 2017},
   ISBN={9783834821546},
}

@book{codierungstheorieVT,
   author={Schulz, Ralph-Hardo},
   title={Codierungstheorie},
   address={Wiesbaden},
   publisher={Vieweg+Teubner Verlag},
   year={1991},
   ISBN={9783322919397 - 9783528064198},
}

@book{codierungUndKryptologieSpringer,
   author={Borys, Thomas},
   title={Codierung und Kryptologie},
   address={Wiesbaden},
   publisher={Vieweg \& Teubner},
   year={2011},
   edition={1. Aufl.},
   ISBN={9783834882523 - 9783834817068 - 3834817066},
   series={Vieweg + Teubner Research. Wissenschaft},
}

@book{cAlsErsteProgrammiersprache,
   author={Goll, Joachim},
   title={C als erste Programmiersprache},
   address={Wiesbaden},
   publisher={Springer Vieweg},
   year={2014},
   edition={8., {\"u}berarb. und erw. Aufl.},
   ISBN={9783834822710 - 9783834818584},
}

@ARTICLE{huffmanArticle,
  author={D. A. {Huffman}},
  journal={Proceedings of the IRE}, 
  title={A Method for the Construction of Minimum-Redundancy Codes}, 
  year={1952},
  volume={40},
  number={9},
  pages={1098-1101},
}

